@article{lendlein2002shape,
  title={Shape-memory polymers},
  author={Lendlein, Andreas and Kelch, Steffen},
  journal={Angewandte Chemie International Edition},
  volume={41},
  number={12},
  pages={2034--2057},
  year={2002},
  publisher={Wiley Online Library}
}

@article{liu2014shape,
  title={Shape memory polymers and their composites in aerospace applications: a review},
  author={Liu, Yanju and Du, Haiyang and Liu, Liwu and Leng, Jinsong},
  journal={Smart Materials and Structures},
  volume={23},
  number={2},
  pages={023001},
  year={2014},
  publisher={IOP Publishing}
}

@article{zhang2014bioactive,
  title={A bioactive “self-fitting” shape memory polymer scaffold with potential to treat cranio-maxillo facial bone defects},
  author={Zhang, Dawei and George, Olivia J and Petersen, Keri M and Jimenez-Vergara, Andrea C and Hahn, Mariah S and Grunlan, Melissa A},
  journal={Acta Bomaterialia},
  volume={10},
  number={11},
  pages={4597--4605},
  year={2014},
  publisher={Elsevier}
}

@article{garces2021advances,
  title={Advances in additive manufacturing of shape memory polymer composites},
  author={Garces, Irina Tatiana and Ayranci, Cagri},
  journal={Rapid Prototyping Journal},
  volume={27},
  number={2},
  pages={379--398},
  year={2021},
  publisher={Emerald Publishing Limited}
}

@article{ledari2025experimental,
  title={An experimental study on shape memory behavior and energy absorption of additively manufactured multi-material honeycomb lattice structures},
  author={Ledari, Reza Gholizadeh and Zolfaghari, Abbas and Ghabezi, Pouyan},
  journal={The International Journal of Advanced Manufacturing Technology},
  volume={139},
  number={9},
  pages={5163--5173},
  year={2025},
  publisher={Springer}
}

@article{liu2019deep,
  title={A deep material network for multiscale topology learning and accelerated nonlinear modeling of heterogeneous materials},
  author={Liu, Zeliang and Wu, CT and Koishi, M},
  journal={Computer Methods in Applied Mechanics and Engineering},
  volume={345},
  pages={1138--1168},
  year={2019},
  publisher={Elsevier}
}

@article{shen2024inverse,
  title={Inverse machine learning framework for optimizing gradient honeycomb structure under impact loading},
  author={Shen, Xingyu and Yan, Ke and Zhu, Difeng and Hu, Qianran and Wu, Hao and Qi, Shaobo and Yuan, Mengqi and Qian, Xinming},
  journal={Engineering Structures},
  volume={309},
  pages={118079},
  year={2024},
  publisher={Elsevier}
}

@article{chen2008constitutive,
  title={A constitutive theory for shape memory polymers. Part II: a linearized model for small deformations},
  author={Chen, Yi-Chao and Lagoudas, Dimitris C},
  journal={Journal of the Mechanics and Physics of Solids},
  volume={56},
  number={5},
  pages={1766--1778},
  year={2008},
  publisher={Elsevier}
}

@article{hosseini2021optimized,
  title={Optimized machine learning approaches for the prediction of viscoelastic behavior of modified asphalt binders},
  author={Hosseini, Alireza Sadat and Hajikarimi, Pouria and Gandomi, Mostafa and Nejad, Fereidoon Moghadas and Gandomi, Amir H},
  journal={Construction and Building Materials},
  volume={299},
  pages={124264},
  year={2021},
  publisher={Elsevier}
}

@article{chen2019machine,
  title={Machine learning for composite materials},
  author={Chen, Chun-Teh and Gu, Grace X},
  journal={MRs Communications},
  volume={9},
  number={2},
  pages={556--566},
  year={2019},
  publisher={Cambridge University Press}
}

@article{gu2018bioinspired,
  title={Bioinspired hierarchical composite design using machine learning: simulation, additive manufacturing, and experiment},
  author={Gu, Grace X and Chen, Chun-Teh and Richmond, Deon J and Buehler, Markus J},
  journal={Materials Horizons},
  volume={5},
  number={5},
  pages={939--945},
  year={2018},
  publisher={Royal Society of Chemistry}
}

@article{shah2022data,
  title={Data-driven approach for the prediction of mechanical properties of carbon fiber reinforced composites},
  author={Shah, Vade and Zadourian, Steven and Yang, Charles and Zhang, Zilan and Gu, Grace X},
  journal={Materials Advances},
  volume={3},
  number={19},
  pages={7319--7327},
  year={2022},
  publisher={Royal Society of Chemistry}
}


@article{park2024deep,
  title={Deep generative spatiotemporal learning for integrating fracture mechanics in composite materials: inverse design, discovery, and optimization},
  author={Park, Donggeun and Lee, Jaemin and Lee, Hugon and Gu, Grace X and Ryu, Seunghwa},
  journal={Materials Horizons},
  volume={11},
  number={13},
  pages={3048--3065},
  year={2024},
  publisher={Royal Society of Chemistry}
}

@article{xia2021review,
  title={A review of shape memory polymers and composites: mechanisms, materials, and applications},
  author={Xia, Yuliang and He, Yang and Zhang, Fenghua and Liu, Yanju and Leng, Jinsong},
  journal={Advanced materials},
  volume={33},
  number={6},
  pages={2000713},
  year={2021},
  publisher={Wiley Online Library}
}